<record><leader>00000cas a22000001a 4500</leader><controlfield tag="001">32424597</controlfield><controlfield tag="007">hd afb018baca</controlfield><controlfield tag="007">hd bfb018baaa</controlfield><controlfield tag="008">950505d18831931nyudr nea     0    0eng c</controlfield><datafield ind1=" " ind2=" " tag="010"><subfield code="a">sn 94084553 </subfield></datafield><datafield ind1=" " ind2=" " tag="040"><subfield code="a">NN</subfield><subfield code="b">eng</subfield><subfield code="c">RQM</subfield><subfield code="d">OCLCQ</subfield><subfield code="d">OCLCG</subfield><subfield code="d">OCLCQ</subfield><subfield code="d">OCLCF</subfield><subfield code="d">OCLCO</subfield><subfield code="d">OCLCQ</subfield></datafield><datafield ind1=" " ind2=" " tag="012"><subfield code="i">9503</subfield></datafield><datafield ind1=" " ind2=" " tag="042"><subfield code="a">pcc</subfield></datafield><datafield ind1=" " ind2=" " tag="043"><subfield code="a">n-us-ny</subfield></datafield><datafield ind1="0" ind2=" " tag="130"><subfield code="a">World (New York, N.Y. : 1883 : Daily)</subfield></datafield><datafield ind1="1" ind2="4" tag="245"><subfield code="a">The world.</subfield></datafield><datafield ind1="3" ind2="0" tag="246"><subfield code="a">Combined New York morning newspapers</subfield></datafield><datafield ind1="3" ind2="0" tag="246"><subfield code="a">Combined New York Sunday newspapers</subfield></datafield><datafield ind1=" " ind2=" " tag="260"><subfield code="a">New York [N.Y.] :</subfield><subfield code="b">Joseph Pulitzer,</subfield><subfield code="c">1883-1931.</subfield></datafield><datafield ind1=" " ind2=" " tag="300"><subfield code="a">49 volumes :</subfield><subfield code="b">illustrations</subfield></datafield><datafield ind1=" " ind2=" " tag="310"><subfield code="a">Daily</subfield></datafield><datafield ind1=" " ind2=" " tag="336"><subfield code="a">text</subfield><subfield code="b">txt</subfield><subfield code="2">rdacontent</subfield></datafield><datafield ind1=" " ind2=" " tag="337"><subfield code="a">microform</subfield><subfield code="b">h</subfield><subfield code="2">rdamedia</subfield></datafield><datafield ind1=" " ind2=" " tag="338"><subfield code="a">microfilm reel</subfield><subfield code="b">hd</subfield><subfield code="2">rdacarrier</subfield></datafield><datafield ind1="0" ind2=" " tag="362"><subfield code="a">Vol. 23, no. 7934 (May 11, 1883)-v. 71, no. 25392 (Feb. 27, 1931).</subfield></datafield><datafield ind1=" " ind2=" " tag="500"><subfield code="a">Published a special Chicago edition, May 2, 1893, to commemorate the World's Columbian Exposition.</subfield></datafield><datafield ind1=" " ind2=" " tag="500"><subfield code="a">Special "Time-saver edition" to mark the new century, published Jan. 1, 1901; Special Hudson-Fulton Celebration issue published Sept. 25, 1909.</subfield></datafield><datafield ind1=" " ind2=" " tag="500"><subfield code="a">Issues for Sept. 19-26, 1923 published jointly with other newspapers as: Combined New York morning newspapers.</subfield></datafield><datafield ind1=" " ind2=" " tag="580"><subfield code="a">Merged with: Evening world (New York, N.Y.), and: New York telegram, to form: Evening world, the world, the New York telegram.</subfield></datafield><datafield ind1=" " ind2=" " tag="533"><subfield code="a">Microfilm.</subfield><subfield code="m">May 11,1883-Feb. 27,1931. On film with related titles.</subfield><subfield code="b">New York :</subfield><subfield code="c">New York Public Library,</subfield><subfield code="d">[19--].</subfield><subfield code="e">517 microfilm reels ; 35 mm.</subfield></datafield><datafield ind1=" " ind2="0" tag="650"><subfield code="a">Hudson-Fulton Celebration, 1909</subfield><subfield code="v">Newspapers.</subfield></datafield><datafield ind1=" " ind2="0" tag="651"><subfield code="a">New York (N.Y.)</subfield><subfield code="v">Newspapers.</subfield></datafield><datafield ind1="2" ind2="7" tag="611"><subfield code="a">Hudson-Fulton Celebration (1909)</subfield><subfield code="2">fast</subfield><subfield code="0">(OCoLC)fst00962688</subfield></datafield><datafield ind1=" " ind2="7" tag="651"><subfield code="a">New York (State)</subfield><subfield code="z">New York.</subfield><subfield code="2">fast</subfield><subfield code="0">(OCoLC)fst01204333</subfield></datafield><datafield ind1=" " ind2="7" tag="648"><subfield code="a">1909</subfield><subfield code="2">fast</subfield></datafield><datafield ind1=" " ind2="7" tag="655"><subfield code="a">Newspapers.</subfield><subfield code="2">fast</subfield><subfield code="0">(OCoLC)fst01423814</subfield></datafield><datafield ind1="1" ind2=" " tag="700"><subfield code="a">Pulitzer, Joseph,</subfield><subfield code="d">1847-1911.</subfield></datafield><datafield ind1=" " ind2=" " tag="752"><subfield code="a">United States</subfield><subfield code="b">New York</subfield><subfield code="c">New York</subfield><subfield code="d">New York.</subfield></datafield><datafield ind1="0" ind2=" " tag="775"><subfield code="t">Evening world (New York, N.Y.)</subfield><subfield code="w">(OCoLC)2623217</subfield></datafield><datafield ind1="0" ind2=" " tag="775"><subfield code="t">World (New York, N.Y. : 1883 : Semiweekly)</subfield></datafield><datafield ind1="0" ind2=" " tag="775"><subfield code="t">World (New York, N.Y. : 1860 : Weekly)</subfield></datafield><datafield ind1="0" ind2=" " tag="775"><subfield code="t">World (New York, N.Y. : Brooklyn ed.)</subfield></datafield><datafield ind1="0" ind2=" " tag="775"><subfield code="t">World (New York, N.Y. : New Jersey ed.)</subfield></datafield><datafield ind1="1" ind2=" " tag="776"><subfield code="c">Original</subfield><subfield code="w">(DLC)sn 86071683</subfield></datafield><datafield ind1="0" ind2="0" tag="780"><subfield code="t">New York world (New York, N.Y. : 1881 : Daily)</subfield><subfield code="w">(DLC)sn 94804552</subfield></datafield><datafield ind1="1" ind2="7" tag="785"><subfield code="t">Evening world (New York, N.Y.)</subfield><subfield code="w">(OCoLC)2623217</subfield></datafield><datafield ind1="1" ind2="7" tag="785"><subfield code="t">New York telegram</subfield><subfield code="w">(DLC)sn 94081493</subfield></datafield><datafield ind1="1" ind2="7" tag="785"><subfield code="t">Evening world, the world, the New York telegram</subfield></datafield><datafield ind1=" " ind2=" " tag="850"><subfield code="a">NN</subfield><subfield code="a">NN (master)</subfield></datafield><datafield ind1="1" ind2=" " tag="029"><subfield code="a">AU@</subfield><subfield code="b">000011683584</subfield></datafield></record>